@article{coroiu2018structural,
  title={Structural validation of the Self-Compassion Scale with a German general population sample},
  author={Coroiu, Adina and Kwakkenbos, Linda and Moran, Chelsea and Thombs, Brett and Albani, Cornelia and Bourkas, Sophia and Zenger, Markus and Brahler, Elmar and K{\"o}rner, Annett},
  journal={PloS one},
  volume={13},
  number={2},
  pages={e0190771},
  year={2018},
  publisher={Public Library of Science San Francisco, CA USA}
}

@article{phillips2019self,
  title={Self-compassion mindsets: The components of the self-compassion scale operate as a balanced system within individuals},
  author={Phillips, Wendy J},
  journal={Current Psychology},
  pages={1--14},
  year={2019},
  publisher={Springer}
}

@article{neff2018self,
  title={Self--compassion is best measured as a global construct and is overlapping with but distinct from neuroticism: A response to Pfattheicher, Geiger, Hartung, Weiss, and Schindler (2017)},
  author={Neff, Kristin D and T{\'o}th--Kir{\'a}ly, Istv{\'a}n and Colosimo, Ken and Kandler, Christian},
  journal={European Journal of Personality},
  volume={32},
  number={4},
  pages={371--392},
  year={2018},
  publisher={SAGE Publications Sage UK: London, England}
}

@article{neff2020commentary,
  title={Commentary on Muris and Otgaar (2020): let the empirical evidence speak on the self-compassion scale},
  author={Neff, Kristin D},
  journal={Mindfulness},
  volume={11},
  pages={1900--1909},
  year={2020},
  publisher={Springer}
}

@book{figley1995compassion,
  title={Compassion fatigue: Coping with secondary traumatic stress disorder in those who treat the traumatized},
  author={Figley, Charles R},
  number={23},
  year={1995},
  publisher={Psychology Press}
}

@article{asparouhov2009exploratory,
  title={Exploratory structural equation modeling},
  author={Asparouhov, Tihomir and Muth{\'e}n, Bengt},
  journal={Structural equation modeling: a multidisciplinary journal},
  volume={16},
  number={3},
  pages={397--438},
  year={2009},
  publisher={Taylor \& Francis}
}

@article{sica2021facing,
  title={Facing distress in Coronavirus era: The role of maladaptive personality traits and coping strategies},
  author={Sica, Claudio and Latzman, Robert D and Caudek, Corrado and Cerea, Silvia and Colpizzi, Ilaria and Caruso, Maria and Giulini, Paolo and Bottesi, Gioia},
  journal={Personality and Individual Differences},
  volume={177},
  pages={110833},
  year={2021},
  publisher={Elsevier}
}

@article{sica2008coping,
  title={Coping Orientation to Problems Experienced-Nuova Versione Italiana (COPE-NVI): uno strumento per la misura degli stili di coping},
  author={Sica, Claudio and Magni, Cristina and Ghisi, Marta and Alto{\`e}, Gianmardo and Sighinolfi, Cecilia and Chiri, Luigi Rocco and Franceschini, Sandro},
  journal={Psicoterapia cognitiva e comportamentale},
  volume={14},
  number={1},
  pages={27},
  year={2008}
}

@article{carver1989assessing,
  title={Assessing coping strategies: a theoretically based approach.},
  author={Carver, Charles S and Scheier, Michael F and Weintraub, Jagdish K},
  journal={Journal of personality and social psychology},
  volume={56},
  number={2},
  pages={267--283},
  year={1989},
  publisher={American Psychological Association}
}

@article{murray2003neo,
  title={NEO Five-Factor Inventory scores: Psychometric properties in a community sample},
  author={Murray, Greg and Rawlings, David and Allen, Nicholas B and Trinder, John},
  journal={Measurement and Evaluation in Counseling and Development},
  volume={36},
  number={3},
  pages={140--149},
  year={2003},
  publisher={Taylor \& Francis}
}

@article{zimet1990psychometric,
  title={Psychometric characteristics of the multidimensional scale of perceived social support},
  author={Zimet, Gregory D and Powell, Suzanne S and Farley, Gordon K and Werkman, Sidney and Berkoff, Karen A},
  journal={Journal of personality assessment},
  volume={55},
  number={3-4},
  pages={610--617},
  year={1990},
  publisher={Taylor \& Francis}
}

@article{geiger2018self,
  title={Self--Compassion as A Facet of Neuroticism? A Reply to the Comments of Neff, T{\'o}Th--Kir{\'a}Ly, and Colosimo (2018)},
  author={Geiger, Mattis and Pfattheicher, Stefan and Hartung, Johanna and Weiss, Selina and Schindler, Simon and Wilhelm, Oliver and Kandler, Christian},
  journal={European Journal of Personality},
  volume={32},
  number={4},
  pages={393--404},
  year={2018},
  publisher={SAGE Publications Sage UK: London, England}
}

@article{kandler2017old,
  title={Old wine in new bottles? The case of self--compassion and neuroticism},
  author={Kandler, Christian and Pfattheicher, Stefan and Geiger, Mattis and Hartung, Johanna and Weiss, Selina and Schindler, Simon},
  journal={European Journal of Personality},
  volume={31},
  number={2},
  pages={160--169},
  year={2017},
  publisher={SAGE Publications Sage UK: London, England}
}


@article{carver1989assessing,
  title={Assessing coping strategies: a theoretically based approach.},
  author={Carver, Charles S and Scheier, Michael F and Weintraub, Jagdish K},
  journal={Journal of Personality and Social Psychology},
  volume={56},
  number={2},
  pages={267--283},
  year={1989},
  publisher={American Psychological Association}
}

@article{sica1997coping,
  title={Coping strategies: Evidence for cross-cultural differences? A preliminary study with the Italian version of coping orientations to problems experienced (COPE)},
  author={Sica, Claudio and Novara, Caterina and Dorz, Stella and Sanavio, Ezio},
  journal={Personality and Individual Differences},
  volume={23},
  number={6},
  pages={1025--1029},
  year={1997},
  publisher={Elsevier}
}

@article{veneziani2017self,
  title={Self-compassion as a healthy attitude toward the self: Factorial and construct validity in an Italian sample},
  author={Veneziani, Chiara A and Fuochi, Giulia and Voci, Alberto},
  journal={Personality and Individual Differences},
  volume={119},
  pages={60--68},
  year={2017},
  publisher={Elsevier}
}

@article{costa1992normal,
  title={Normal personality assessment in clinical practice: The NEO Personality Inventory},
  author={Costa, Paul T and McCrae, Robert R},
  journal={Psychological Assessment},
  volume={4},
  number={1},
  pages={5--13},
  year={1992},
  publisher={American Psychological Association}
}

@article{mccrae1987validation,
  title={Validation of the five-factor model of personality across instruments and observers},
  author={McCrae, Robert R and Costa, Paul T},
  journal={Journal of Personality and Social Psychology},
  volume={52},
  number={1},
  pages={81--90},
  year={1987},
  publisher={American Psychological Association}
}

@article{caprara2001brand,
  title={Brand personality: How to make the metaphor fit?},
  author={Caprara, Gian Vittorio and Barbaranelli, Claudio and Guido, Gianluigi},
  journal={Journal of economic psychology},
  volume={22},
  number={3},
  pages={377--395},
  year={2001},
  publisher={Elsevier}
}

@article{murray2003neo,
  title={NEO Five-Factor Inventory scores: Psychometric properties in a community sample},
  author={Murray, Greg and Rawlings, David and Allen, Nicholas B and Trinder, John},
  journal={Measurement and Evaluation in Counseling and Development},
  volume={36},
  number={3},
  pages={140--149},
  year={2003},
  publisher={Taylor \& Francis}
}

@article{fabio2012emotional,
  title={Emotional intelligence and perceived social support among Italian high school students},
  author={Fabio, Annamaria Di and Kenny, Maureen E},
  journal={Journal of Career Development},
  volume={39},
  number={5},
  pages={461--475},
  year={2012},
  publisher={SAGE Publications Sage CA: Los Angeles, CA}
}

@article{zimet1988multidimensional,
  title={The multidimensional scale of perceived social support},
  author={Zimet, Gregory D and Dahlem, Nancy W and Zimet, Sara G and Farley, Gordon K},
  journal={Journal of personality assessment},
  volume={52},
  number={1},
  pages={30--41},
  year={1988},
  publisher={Taylor \& Francis}
}

@article{prezza2002perceived,
  title={Perceived social support from significant others, family and friends and several socio-demographic characteristics},
  author={Prezza, Miretta and Giuseppina Pacilli, Maria},
  journal={Journal of Community \& Applied Social Psychology},
  volume={12},
  number={6},
  pages={422--429},
  year={2002},
  publisher={Wiley Online Library}
}

@article{tedeschi1996posttraumatic,
  title={The Posttraumatic Growth Inventory: Measuring the positive legacy of trauma},
  author={Tedeschi, Richard G and Calhoun, Lawrence G},
  journal={Journal of traumatic stress},
  volume={9},
  number={3},
  pages={455--471},
  year={1996},
  publisher={Springer}
}

@article{prati2014italian,
  title={Italian adaptation and confirmatory factor analysis of the full and the short form of the Posttraumatic Growth Inventory},
  author={Prati, Gabriele and Pietrantoni, Luca},
  journal={Journal of Loss and Trauma},
  volume={19},
  number={1},
  pages={12--22},
  year={2014},
  publisher={Taylor \& Francis}
}

@article{craparo2013impact,
  title={The Impact of Event Scale--Revised: psychometric properties of the Italian version in a sample of flood victims},
  author={Craparo, Giuseppe and Faraci, Palmira and Rotondo, Giuseppe and Gori, Alessio},
  journal={Neuropsychiatric Disease and Treatment},
  volume={9},
  pages={1427--1432},
  year={2013},
  publisher={Dove Press}
}

@article{montero2016burnout,
  title={Burnout subtypes and absence of self-compassion in primary healthcare professionals: A cross-sectional study},
  author={Montero-Marin, Jesus and Zubiaga, Fernando and Cereceda, Maria and Piva Demarzo, Marcelo Marcos and Trenc, Patricia and Garcia-Campayo, Javier},
  journal={PloS one},
  volume={11},
  number={6},
  pages={e0157499},
  year={2016},
  publisher={Public Library of Science San Francisco, CA USA}
}

@article{tedeschi2004posttraumatic,
  title={" Posttraumatic growth: Conceptual foundations and empirical evidence"},
  author={Tedeschi, Richard G and Calhoun, Lawrence G},
  journal={Psychological inquiry},
  volume={15},
  number={1},
  pages={1--18},
  year={2004},
  publisher={Taylor \& Francis}
}

@article{nolen2008rethinking,
  title={Rethinking rumination},
  author={Nolen-Hoeksema, Susan and Wisco, Blair E and Lyubomirsky, Sonja},
  journal={Perspectives on psychological science},
  volume={3},
  number={5},
  pages={400--424},
  year={2008},
  publisher={SAGE Publications Sage CA: Los Angeles, CA}
}

@article{allen2010self,
  title={Self-Compassion, stress, and coping},
  author={Allen, Ashley Batts and Leary, Mark R},
  journal={Social and personality psychology compass},
  volume={4},
  number={2},
  pages={107--118},
  year={2010},
  publisher={Wiley Online Library}
}


@article{janoff1989assumptive,
  title={Assumptive worlds and the stress of traumatic events: Applications of the schema construct},
  author={Janoff-Bulman, Ronnie},
  journal={Social cognition},
  volume={7},
  number={2},
  pages={113--136},
  year={1989},
  publisher={Guilford Press}
}

@article{bistricky2017frequency,
  title={Frequency of interpersonal trauma types, avoidant attachment, self-compassion, and interpersonal competence: A model of persisting posttraumatic symptoms},
  author={Bistricky, Steven L and Gallagher, Matthew W and Roberts, Caroline M and Ferris, Lindsay and Gonzalez, Adriana J and Wetterneck, Chad T},
  journal={Journal of Aggression, Maltreatment \& Trauma},
  volume={26},
  number={6},
  pages={608--625},
  year={2017},
  publisher={Taylor \& Francis}
}

@article{aspy2017mindfulness,
  title={Mindfulness and loving-kindness meditation: Effects on connectedness to humanity and to the natural world},
  author={Aspy, Denholm J and Proeve, Michael},
  journal={Psychological reports},
  volume={120},
  number={1},
  pages={102--117},
  year={2017},
  publisher={Sage Publications Sage CA: Los Angeles, CA}
}

@article{barlow2017trauma,
  title={Trauma appraisals, emotion regulation difficulties, and self-compassion predict posttraumatic stress symptoms following childhood abuse},
  author={Barlow, M Rose and Turow, Rachel E Goldsmith and Gerhart, James},
  journal={Child abuse \& neglect},
  volume={65},
  pages={37--47},
  year={2017},
  publisher={Elsevier}
}

@article{seligowski2015relations,
  title={Relations among self-compassion, PTSD symptoms, and psychological health in a trauma-exposed sample},
  author={Seligowski, Antonia V and Miron, Lynsey R and Orcutt, Holly K},
  journal={Mindfulness},
  volume={6},
  number={5},
  pages={1033--1041},
  year={2015},
  publisher={Springer}
}

@article{badour2013trauma,
  title={Trauma-related reactivity and regulation of emotion: Associations with posttraumatic stress symptoms},
  author={Badour, Christal L and Feldner, Matthew T},
  journal={Journal of Behavior Therapy and Experimental Psychiatry},
  volume={44},
  number={1},
  pages={69--76},
  year={2013},
  publisher={Elsevier}
}

@article{seligowski2015relations,
  title={Relations among self-compassion, PTSD symptoms, and psychological health in a trauma-exposed sample},
  author={Seligowski, Antonia V and Miron, Lynsey R and Orcutt, Holly K},
  journal={Mindfulness},
  volume={6},
  number={5},
  pages={1033--1041},
  year={2015},
  publisher={Springer}
}

@article{keene2016childhood,
  title={Childhood physical abuse and aggression: Shame and narcissistic vulnerability},
  author={Keene, Amanda C and Epps, James},
  journal={Child abuse \& neglect},
  volume={51},
  pages={276--283},
  year={2016},
  publisher={Elsevier}
}


@article{winders2020self,
  title={Self-compassion, trauma, and posttraumatic stress disorder: A systematic review},
  author={Winders, Sarah-Jane and Murphy, Orlagh and Looney, Kathy and O'Reilly, Gary},
  journal={Clinical psychology \& psychotherapy},
  volume={27},
  number={3},
  pages={300--329},
  year={2020},
  publisher={Wiley Online Library}
}

@article{liu2021self,
  title={Self-compassion and posttraumatic growth mediate the relations between social support, prosocial behavior, and antisocial behavior among adolescents after the Ya’an earthquake},
  author={Liu, Aiyi and Wang, Wenchao and Wu, Xinchun},
  journal={European Journal of Psychotraumatology},
  volume={12},
  number={1},
  pages={1864949},
  year={2021},
  publisher={Taylor \& Francis}
}


@article{chishima2018influence,
  title={The influence of self-compassion on cognitive appraisals and coping with stressful events},
  author={Chishima, Yuta and Mizuno, Masashi and Sugawara, Daichi and Miyagawa, Yuki},
  journal={Mindfulness},
  volume={9},
  number={6},
  pages={1907--1915},
  year={2018},
  publisher={Springer}
}


@article{macinnes2006self,
  title={Self-esteem and self-acceptance: an examination into their relationship and their effect on psychological health},
  author={MacInnes, Deborah L},
  journal={Journal of psychiatric and mental health nursing},
  volume={13},
  number={5},
  pages={483--489},
  year={2006},
  publisher={Wiley Online Library}
}

@article{wong2017self,
  title={Self-compassion and posttraumatic growth: Cognitive processes as mediators},
  author={Wong, Celia Ching Yee and Yeung, Nelson CY},
  journal={Mindfulness},
  volume={8},
  number={4},
  pages={1078--1087},
  year={2017},
  publisher={Springer}
}


@article{baum2010professional,
  title={Professional growth in turbulent times},
  author={Baum, Nehami and Ramon, Shulamit},
  journal={Journal of Social Work},
  volume={10},
  number={2},
  pages={139--156},
  year={2010},
  publisher={Sage Publications Sage UK: London, England}
}


@article{sodeke2013compassion,
  title={Compassion satisfaction, burnout, and secondary traumatic stress in UK therapists who work with adult trauma clients},
  author={Sodeke-Gregson, Ekundayo A and Holttum, Sue and Billings, Jo},
  journal={European journal of psychotraumatology},
  volume={4},
  number={1},
  pages={21869},
  year={2013},
  publisher={Taylor \& Francis}
}

@article{berger2012rescuers,
  title={Rescuers at risk: a systematic review and meta-regression analysis of the worldwide current prevalence and correlates of PTSD in rescue workers},
  author={Berger, William and Coutinho, Evandro Silva Freire and Figueira, Ivan and Marques-Portella, Carla and Luz, Mariana Pires and Neylan, Thomas C and Marmar, Charles R and Mendlowicz, Mauro Vitor},
  journal={Social psychiatry and psychiatric epidemiology},
  volume={47},
  number={6},
  pages={1001--1011},
  year={2012},
  publisher={Springer}
}

@article{adams2006compassion,
  title={Compassion fatigue and psychological distress among social workers: A validation study},
  author={Adams, Richard E and Boscarino, Joseph A and Figley, Charles R},
  journal={American Journal of orthopsychiatry},
  volume={76},
  number={1},
  pages={103--108},
  year={2006},
  publisher={Wiley Online Library}
}


@article{wong2017self,
  title={Self-compassion and posttraumatic growth: Cognitive processes as mediators},
  author={Wong, Celia Ching Yee and Yeung, Nelson CY},
  journal={Mindfulness},
  volume={8},
  number={4},
  pages={1078--1087},
  year={2017},
  publisher={Springer}
}

@article{wilson2019effectiveness,
  title={Effectiveness of self-compassion related therapies: a systematic review and meta-analysis},
  author={Wilson, Alexander C and Mackintosh, Kate and Power, Kevin and Chan, Stella WY},
  journal={Mindfulness},
  volume={10},
  number={6},
  pages={979--995},
  year={2019},
  publisher={Springer}
}

@article{kirby2017meta,
  title={A meta-analysis of compassion-based interventions: Current state of knowledge and future directions},
  author={Kirby, James N and Tellegen, Cassandra L and Steindl, Stanley R},
  journal={Behavior Therapy},
  volume={48},
  number={6},
  pages={778--792},
  year={2017},
  publisher={Elsevier}
}

@article{muris2019stripping,
  title={Stripping the forest from the rotten trees: compassionate self-responding is a way of coping, but reduced uncompassionate self-responding mainly reflects psychopathology},
  author={Muris, Peter and Otgaar, Henry and Pfattheicher, Stefan},
  journal={Mindfulness},
  volume={10},
  number={1},
  pages={196--199},
  year={2019},
  publisher={Springer}
}

@article{muris2017protection,
  title={Protection or vulnerability? A meta-analysis of the relations between the positive and negative components of self-compassion and psychopathology},
  author={Muris, Peter and Petrocchi, Nicola},
  journal={Clinical psychology \& psychotherapy},
  volume={24},
  number={2},
  pages={373--383},
  year={2017},
  publisher={Wiley Online Library}
}

@article{palgi2009effect,
  title={The effect of prolonged exposure to war stress on the comorbidity of PTSD and depression among hospital personnel},
  author={Palgi, Yuval and Ben-Ezra, Menachem and Langer, Shai and Essar, Nir},
  journal={Psychiatry Research},
  volume={168},
  number={3},
  pages={262--264},
  year={2009},
  publisher={Elsevier}
}

@article{fullerton2004acute,
  title={Acute stress disorder, posttraumatic stress disorder, and depression in disaster or rescue workers},
  author={Fullerton, Carol S and Ursano, Robert J and Wang, Leming},
  journal={American Journal of Psychiatry},
  volume={161},
  number={8},
  pages={1370--1376},
  year={2004},
  publisher={Am Psychiatric Assoc}
}

@article{witteveen2007psychological,
  title={Psychological distress of rescue workers eight and one-half years after professional involvement in the Amsterdam air disaster},
  author={Witteveen, Anke B and Bramsen, Inge and Twisk, Jos WR and Huizink, Anja C and Slottje, Pauline and Smid, Tjabe and Van Der Ploeg, Henk M},
  journal={The Journal of nervous and mental disease},
  volume={195},
  number={1},
  pages={31--40},
  year={2007},
  publisher={LWW}
}


@article{zhao2020self,
  title={Self-acceptance, post-traumatic stress disorder, post-traumatic growth, and the role of social support in Chinese rescue workers},
  author={Zhao, Yue and An, Yuanyuan and Sun, Xiaoran and Liu, Jianghong},
  journal={Journal of loss and trauma},
  volume={25},
  number={3},
  pages={264--277},
  year={2020},
  publisher={Taylor \& Francis}
}

@article{lemogne2009search,
  title={In search of the depressive self: extended medial prefrontal network during self-referential processing in major depression},
  author={Lemogne, C{\'e}dric and le Bastard, Guillaume and Mayberg, Helen and Volle, Emmanuelle and Bergouignan, Loretxu and Leh{\'e}ricy, St{\'e}phane and Allilaire, Jean-Fran{\c{c}}ois and Fossati, Philippe},
  journal={Social cognitive and affective neuroscience},
  volume={4},
  number={3},
  pages={305--312},
  year={2009},
  publisher={Oxford University Press}
}

@article{macbeth2012exploring,
  title={Exploring compassion: A meta-analysis of the association between self-compassion and psychopathology},
  author={MacBeth, Angus and Gumley, Andrew},
  journal={Clinical psychology review},
  volume={32},
  number={6},
  pages={545--552},
  year={2012},
  publisher={Elsevier}
}

@book{beck2016self,
  title={The self in understanding and treating psychological disorders},
  author={Beck, Aaron T},
  year={2016},
  publisher={Cambridge University Press}
}

@article{creamer2003psychometric,
  title={Psychometric properties of the impact of event scale—revised},
  author={Creamer, Mark and Bell, Richard and Failla, Salvina},
  journal={Behaviour research and therapy},
  volume={41},
  number={12},
  pages={1489--1496},
  year={2003},
  publisher={Elsevier}
}

@article{muthen2015estimator,
  title={Estimator choices with categorical outcomes},
  author={Muth{\'e}n, Bengt O and Muth{\'e}n, Linda and Asparouhov, T},
  journal={MPLUS Technical Appendix},
  volume={8},
  year={2015}
}

@article{west2012model,
  title={Model fit and model selection in structural equation modeling},
  author={West, Stephen G and Taylor, Aaron B and Wu, Wei and others},
  journal={Handbook of structural equation modeling},
  volume={1},
  pages={209--231},
  year={2012}
}

@article{muris2021non,
  title={The (non) Protective Role of Self-Compassion in Internalizing Symptoms: Two Empirical Studies in Adolescents Demonstrating Unwanted Effects of Using the Self-Compassion Scale Total Score},
  author={Muris, Peter and Otgaar, Henry and L{\'o}pez, Ang{\'e}lica and Kurtic, Iva and van de Laar, Ingrid},
  journal={Mindfulness},
  volume={12},
  number={1},
  pages={240--252},
  year={2021},
  publisher={Springer}
}

@article{finaulahi2021investigating,
  title={Investigating Psychometric Properties of the Self-Compassion Scale Using Rasch Methodology},
  author={Finaulahi, Kalolaine P and Sumich, Alexander and Heym, Nadja and Medvedev, Oleg N},
  journal={Mindfulness},
  volume={12},
  number={3},
  pages={730--740},
  year={2021},
  publisher={Springer}
}


@article{garnefski2008post,
  title={Post-traumatic growth after a myocardial infarction: a matter of personality, psychological health, or cognitive coping?},
  author={Garnefski, Nadia and Kraaij, V and Schroevers, MJ and Somsen, GA},
  journal={Journal of Clinical Psychology in Medical Settings},
  volume={15},
  number={4},
  pages={270--277},
  year={2008},
  publisher={Springer}
}

@article{inoue2006psychological,
  title={Psychological impact of verbal abuse and violence by patients on nurses working in psychiatric departments},
  author={Inoue, Makoto and Tsukano, Ken and Muraoka, Mitsutaro and Kaneko, Fumiko and Okamura, Hitoshi},
  journal={Psychiatry and clinical neurosciences},
  volume={60},
  number={1},
  pages={29--36},
  year={2006},
  publisher={Wiley Online Library}
}


@article{wu2005posttraumatic,
  title={Posttraumatic stress, anxiety, and depression in survivors of severe acute respiratory syndrome (SARS)},
  author={Wu, Kitty K and Chan, Sumee K and Ma, Tracy M},
  journal={Journal of Traumatic Stress: Official Publication of The International Society for Traumatic Stress Studies},
  volume={18},
  number={1},
  pages={39--42},
  year={2005},
  publisher={Wiley Online Library}
}


@article{carmassi2018exploring,
  title={Exploring PTSD in emergency operators of a major University Hospital in Italy: a preliminary report on the role of gender, age, and education},
  author={Carmassi, Claudia and Gesi, Camilla and Corsi, Martina and Cremone, Ivan M and Bertelloni, Carlo A and Massimetti, Enrico and Olivieri, Maria Cristina and Conversano, Ciro and Santini, Massimo and Dell’Osso, Liliana},
  journal={Annals of general psychiatry},
  volume={17},
  number={1},
  pages={17},
  year={2018},
  publisher={Springer}
}

@article{akogul2017approach,
  title={An approach for determining the number of clusters in a model-based cluster analysis},
  author={Akogul, Serkan and Erisoglu, Murat},
  journal={Entropy},
  volume={19},
  number={9},
  pages={452},
  year={2017},
  publisher={Multidisciplinary Digital Publishing Institute}
}


@article{phillips2019self,
  title={Self-compassion mindsets: The components of the self-compassion scale operate as a balanced system within individuals},
  author={Phillips, Wendy J},
  journal={Current Psychology},
  pages={1--14},
  year={2019},
  publisher={Springer}
}

@article{ullrich2020use,
  title={The use of latent profiles to explore the multi-dimensionality of self-compassion},
  author={Ullrich-French, Sarah and Cox, Anne E},
  journal={Mindfulness},
  volume={11},
  pages={1483--1499},
  year={2020},
  publisher={Springer}
}

@article{neff2007examination,
  title={An examination of self-compassion in relation to positive psychological functioning and personality traits},
  author={Neff, Kristin D and Rude, Stephanie S and Kirkpatrick, Kristin L},
  journal={Journal of research in personality},
  volume={41},
  number={4},
  pages={908--916},
  year={2007},
  publisher={Elsevier}
}

@article{yarnell2019gender,
  title={Gender differences in self-compassion: Examining the role of gender role orientation},
  author={Yarnell, Lisa M and Neff, Kristin D and Davidson, Oliver A and Mullarkey, Michael},
  journal={Mindfulness},
  volume={10},
  number={6},
  pages={1136--1152},
  year={2019},
  publisher={Springer}
}

@article{ryu2017comparing,
  title={Comparing indirect effects in different groups in single-group and multi-group structural equation models},
  author={Ryu, Ehri and Cheong, Jeewon},
  journal={Frontiers in psychology},
  volume={8},
  pages={747},
  year={2017},
  publisher={Frontiers}
}

@incollection{weiss2007impact,
  title={The impact of event scale: revised},
  author={Weiss, Daniel S},
  booktitle={Cross-cultural assessment of psychological trauma and PTSD},
  pages={219--238},
  year={2007},
  publisher={Springer}
}

@article{chen2007sensitivity,
  title={Sensitivity of goodness of fit indexes to lack of measurement invariance},
  author={Chen, Fang Fang},
  journal={Structural equation modeling: a multidisciplinary journal},
  volume={14},
  number={3},
  pages={464--504},
  year={2007},
  publisher={Taylor \& Francis}
}

@article{cheung2002evaluating,
  title={Evaluating goodness-of-fit indexes for testing measurement invariance},
  author={Cheung, Gordon W and Rensvold, Roger B},
  journal={Structural equation modeling},
  volume={9},
  number={2},
  pages={233--255},
  year={2002},
  publisher={Taylor \& Francis}
}

@article{liu2021self,
  title={Self-compassion and posttraumatic growth mediate the relations between social support, prosocial behavior, and antisocial behavior among adolescents after the Ya’an earthquake},
  author={Liu, Aiyi and Wang, Wenchao and Wu, Xinchun},
  journal={European Journal of Psychotraumatology},
  volume={12},
  number={1},
  pages={1--12},
  year={2021},
  publisher={Taylor \& Francis}
}

@article{neff2021development,
  title={Development and validation of the Self-Compassion Scale for Youth},
  author={Neff, Kristin D and Bluth, Karen and T{\'o}th-Kir{\'a}ly, Istv{\'a}n and Davidson, Oliver and Knox, Marissa C and Williamson, Zachary and Costigan, Andrew},
  journal={Journal of personality assessment},
  volume={103},
  number={1},
  pages={92--105},
  year={2021},
  publisher={Taylor \& Francis}
}

@article{siefert2020development,
  title={Development of a short form for the DSM--5 levels of personality functioning questionnaire},
  author={Siefert, Caleb J and Sexton, Jim and Meehan, Kevin and Nelson, Sharon and Haggerty, Greg and Dauphin, Barry and Huprich, Steven},
  journal={Journal of personality assessment},
  volume={102},
  number={4},
  pages={516--526},
  year={2020},
  publisher={Taylor \& Francis}
}

@article{neff2003self,
  title={Self-compassion: An alternative conceptualization of a healthy attitude toward oneself},
  author={Neff, Kristin D},
  journal={Self and identity},
  volume={2},
  number={2},
  pages={85--101},
  year={2003},
  publisher={Taylor \& Francis}
}

@article{bandalos2014relative,
  title={Relative performance of categorical diagonally weighted least squares and robust maximum likelihood estimation},
  author={Bandalos, Deborah L},
  journal={Structural Equation Modeling: a multidisciplinary journal},
  volume={21},
  number={1},
  pages={102--116},
  year={2014},
  publisher={Taylor \& Francis}
}

@article{muthen2017mplus,
  title={Mplus},
  author={Muth{\'e}n, Bengt and Muth{\'e}n, Bengt O},
  journal={Statistical analysis with latent variables. User's guide},
  volume={8},
  year={2017}
}


@book{little2013longitudinal,
  title={Longitudinal structural equation modeling},
  author={Little, Todd D},
  year={2013},
  publisher={Guilford press}
}

@article{neff2019examining,
  title={Examining the factor structure of the Self-Compassion Scale in 20 diverse samples: {Support} for use of a total score and six subscale scores.},
  author={Neff, Kristin D and T{\'o}th-Kir{\'a}ly, Istv{\'a}n and Yarnell, Lisa M and Arimitsu, Kohki and Castilho, Paula and Ghorbani, Nima and Guo, Hailan Xiaoxia and Hirsch, Jameson K and Hupfeld, J{\"o}rg and Hutz, Claudio S and others},
  journal={Psychological Assessment},
  volume={31},
  number={1},
  pages={27–45},
  year={2019},
  publisher={American Psychological Association}
}


@article{hBayesDM,
  title = {Revealing Neurocomputational Mechanisms of Reinforcement Learning and Decision-Making With the {hBayesDM} Package},
  author = {Ahn, Woo-Young and Haines, Nathaniel and Zhang, Lei},
  journal = {Computational Psychiatry},
  year = {2017},
  volume = {1},
  pages = {24--57},
  publisher = {MIT Press},
  url = {doi:10.1162/CPSY_a_00002},
}


@article{sica2019construct_val,
  title={Construct validity of “Not Just Right Experiences”: results from a picture-based assessment procedure},
  author={Sica, Claudio and Bottesi, Gioia and Caudek, Corrado and Marchetti, Igor and Orsucci, Antonella and Palmieri, Giulia and Righi, Stefania and Ghisi, Marta},
  journal={International Journal of Cognitive Therapy},
  volume={12},
  number={4},
  pages={217--241},
  year={2019},
  publisher={Springer}
}

@article{montero2018self,
  title={Self-Compassion and cultural values: a cross-cultural study of Self-Compassion using a Multitrait-Multimethod (MTMM) analytical procedure},
  author={Montero-Marin, Jesus and Kuyken, Willem and Crane, Catherine and Gu, Jenny and Baer, Ruth and Al-Awamleh, Aida A and Akutsu, Satoshi and Araya-V{\'e}liz, Claudio and Ghorbani, Nima and Chen, Zhuo Job and others},
  journal={Frontiers in psychology},
  volume={9},
  pages={2638},
  year={2018},
  publisher={Frontiers}
}

@article{gu2020development,
  title={Development and psychometric properties of the Sussex-Oxford compassion scales (SOCS)},
  author={Gu, Jenny and Baer, Ruth and Cavanagh, Kate and Kuyken, Willem and Strauss, Clara},
  journal={Assessment},
  volume={27},
  number={1},
  pages={3--20},
  year={2020},
  publisher={Sage Publications Sage CA: Los Angeles, CA}
}

@article{strauss2016compassion,
  title={What is compassion and how can we measure it? A review of definitions and measures},
  author={Strauss, Clara and Taylor, Billie Lever and Gu, Jenny and Kuyken, Willem and Baer, Ruth and Jones, Fergal and Cavanagh, Kate},
  journal={Clinical psychology review},
  volume={47},
  pages={15--27},
  year={2016},
  publisher={Elsevier}
}

@book{seppala2017oxford,
  title={The Oxford handbook of compassion science},
  author={Sepp{\"a}l{\"a}, Emma M and Simon-Thomas, Emiliana and Brown, Stephanie L and Worline, Monica C and Cameron, C Daryl and Doty, James R},
  year={2017},
  publisher={Oxford University Press}
}

@article{wadsworth2018examining,
  title={Examining the role of repetitive negative thinking in relations between positive and negative aspects of self-compassion and symptom improvement during intensive treatment},
  author={Wadsworth, Lauren P and Forgeard, Marie and Hsu, Kean J and Kertz, Sarah and Treadway, Michael and Bj{\"o}rgvinsson, Thr{\"o}stur},
  journal={Cognitive Therapy and Research},
  volume={42},
  number={3},
  pages={236--249},
  year={2018},
  publisher={Springer}
}

@article{muris2020process,
  title={The process of science: A critical evaluation of more than 15 years of research on self-compassion with the Self-Compassion Scale},
  author={Muris, Peter and Otgaar, Henry},
  journal={Mindfulness},
  volume={11},
  number={6},
  pages={1469--1482},
  year={2020},
  publisher={Springer}
}

@article{muris2019stripping,
  title={Stripping the forest from the rotten trees: compassionate self-responding is a way of coping, but reduced uncompassionate self-responding mainly reflects psychopathology},
  author={Muris, Peter and Otgaar, Henry and Pfattheicher, Stefan},
  journal={Mindfulness},
  volume={10},
  number={1},
  pages={196--199},
  year={2019},
  publisher={Springer}
}

@article{muris2017protection,
  title={Protection or vulnerability? A meta-analysis of the relations between the positive and negative components of self-compassion and psychopathology},
  author={Muris, Peter and Petrocchi, Nicola},
  journal={Clinical psychology \& psychotherapy},
  volume={24},
  number={2},
  pages={373--383},
  year={2017},
  publisher={Wiley Online Library}
}

@article{muris2016protective,
  title={A protective factor against mental health problems in youths? A critical note on the assessment of self-compassion},
  author={Muris, Peter},
  journal={Journal of child and family studies},
  volume={25},
  number={5},
  pages={1461--1465},
  year={2016},
  publisher={Springer}
}

@article{muris2016protection,
  title={Protection as the mirror image of psychopathology: further critical notes on the self-compassion scale},
  author={Muris, Peter and Otgaar, Henry and Petrocchi, Nicola},
  journal={Mindfulness},
  volume={7},
  number={3},
  pages={787--790},
  year={2016},
  publisher={Springer}
}

@article{gu2020development,
  title={Development and psychometric properties of the Sussex-Oxford compassion scales (SOCS)},
  author={Gu, Jenny and Baer, Ruth and Cavanagh, Kate and Kuyken, Willem and Strauss, Clara},
  journal={Assessment},
  volume={27},
  number={1},
  pages={3--20},
  year={2020},
  publisher={Sage Publications Sage CA: Los Angeles, CA}
}

@article{neff2019examining,
  title={Examining the factor structure of the Self-Compassion Scale in 20 diverse samples: Support for use of a total score and six subscale scores.},
  author={Neff, Kristin D and T{\'o}th-Kir{\'a}ly, Istv{\'a}n and Yarnell, Lisa M and Arimitsu, Kohki and Castilho, Paula and Ghorbani, Nima and Guo, Hailan Xiaoxia and Hirsch, Jameson K and Hupfeld, J{\"o}rg and Hutz, Claudio S and others},
  journal={Psychological Assessment},
  volume={31},
  number={1},
  pages={27-45},
  year={2019},
  publisher={American Psychological Association}
}

@article{muris2019stripping,
  title={Stripping the forest from the rotten trees: compassionate self-responding is a way of coping, but reduced uncompassionate self-responding mainly reflects psychopathology},
  author={Muris, Peter and Otgaar, Henry and Pfattheicher, Stefan},
  journal={Mindfulness},
  volume={10},
  number={1},
  pages={196--199},
  year={2019},
  publisher={Springer}
}

@article{geiger2018self,
  title={Self--Compassion as A Facet of Neuroticism? A Reply to the Comments of {Neff, T{\'o}Th--Kir{\'a}Ly, and Colosimo (2018)}},
  author={Geiger, Mattis and Pfattheicher, Stefan and Hartung, Johanna and Weiss, Selina and Schindler, Simon and Wilhelm, Oliver and Kandler, Christian},
  journal={European Journal of Personality},
  volume={32},
  number={4},
  pages={393--404},
  year={2018},
  publisher={SAGE Publications Sage UK: London, England}
}

@article{neff2003development,
  title={The development and validation of a scale to measure self-compassion},
  author={Neff, Kristin D},
  journal={Self and identity},
  volume={2},
  number={3},
  pages={223--250},
  year={2003},
  publisher={Taylor \& Francis}
}

@article{neff2019setting,
  title={Setting the record straight about the Self-Compassion Scale},
  author={Neff, Kristin D},
  journal={Mindfulness},
  volume={10},
  number={1},
  pages={200--202},
  year={2019},
  publisher={Springer}
}

@article{muris2018good,
  title={Good and bad sides of self-compassion: a face validity check of the self-compassion scale and an investigation of its relations to coping and emotional symptoms in non-clinical adolescents},
  author={Muris, Peter and van den Broek, Myrr and Otgaar, Henry and Oudenhoven, Iris and Lennartz, Janine},
  journal={Journal of Child and Family Studies},
  volume={27},
  number={8},
  pages={2411--2421},
  year={2018},
  publisher={Springer}
}

@article{kandler2017old,
  title={Old wine in new bottles? The case of self--compassion and neuroticism},
  author={Kandler, Christian and Pfattheicher, Stefan and Geiger, Mattis and Hartung, Johanna and Weiss, Selina and Schindler, Simon},
  journal={European Journal of Personality},
  volume={31},
  number={2},
  pages={160--169},
  year={2017},
  publisher={SAGE Publications Sage UK: London, England}
}
@Manual{R-base,
  title = {R: A Language and Environment for Statistical Computing},
  author = {{R Core Team}},
  organization = {R Foundation for Statistical Computing},
  address = {Vienna, Austria},
  year = {2020},
  url = {https://www.R-project.org/},
}
@Article{R-bayesplot,
  title = {Visualization in Bayesian workflow},
  author = {Jonah Gabry and Daniel Simpson and Aki Vehtari and Michael Betancourt and Andrew Gelman},
  year = {2019},
  journal = {J. R. Stat. Soc. A},
  volume = {182},
  issue = {2},
  pages = {389-402},
  doi = {10.1111/rssa.12378},
}
@Article{R-brms_a,
  title = {{brms}: An {R} Package for {Bayesian} Multilevel Models Using {Stan}},
  author = {Paul-Christian Bürkner},
  journal = {Journal of Statistical Software},
  year = {2017},
  volume = {80},
  number = {1},
  pages = {1--28},
  doi = {10.18637/jss.v080.i01},
  encoding = {UTF-8},
}
@Article{R-brms_b,
  title = {Advanced {Bayesian} Multilevel Modeling with the {R} Package {brms}},
  author = {Paul-Christian Bürkner},
  journal = {The R Journal},
  year = {2018},
  volume = {10},
  number = {1},
  pages = {395--411},
  doi = {10.32614/RJ-2018-017},
  encoding = {UTF-8},
}
@Manual{R-corrplot2017,
  title = {R package "corrplot": Visualization of a Correlation Matrix},
  author = {Taiyun Wei and Viliam Simko},
  year = {2017},
  note = {(Version 0.84)},
  url = {https://github.com/taiyun/corrplot},
}
@Manual{R-dplyr,
  title = {dplyr: A Grammar of Data Manipulation},
  author = {Hadley Wickham and Romain François and Lionel {
             Henry} and Kirill Müller},
  year = {2020},
  note = {R package version 1.0.2},
  url = {https://CRAN.R-project.org/package=dplyr},
}
@Manual{R-forcats,
  title = {forcats: Tools for Working with Categorical Variables (Factors)},
  author = {Hadley Wickham},
  year = {2020},
  note = {R package version 0.5.0},
  url = {https://CRAN.R-project.org/package=forcats},
}
@Book{R-ggplot2,
  author = {Hadley Wickham},
  title = {ggplot2: Elegant Graphics for Data Analysis},
  publisher = {Springer-Verlag New York},
  year = {2016},
  isbn = {978-3-319-24277-4},
  url = {https://ggplot2.tidyverse.org},
}
@Manual{R-ggthemes,
  title = {ggthemes: Extra Themes, Scales and Geoms for 'ggplot2'},
  author = {Jeffrey B. Arnold},
  year = {2019},
  note = {R package version 4.2.0},
  url = {https://CRAN.R-project.org/package=ggthemes},
}
@Manual{R-gridExtra,
  title = {gridExtra: Miscellaneous Functions for "Grid" Graphics},
  author = {Baptiste Auguie},
  year = {2017},
  note = {R package version 2.3},
  url = {https://CRAN.R-project.org/package=gridExtra},
}
@Manual{R-here,
  title = {here: A Simpler Way to Find Your Files},
  author = {Kirill Müller},
  year = {2020},
  note = {R package version 1.0.1},
  url = {https://CRAN.R-project.org/package=here},
}
@Manual{R-isotree,
  title = {isotree: Isolation-Based Outlier Detection},
  author = {David Cortes},
  year = {2020},
  note = {R package version 0.1.24},
  url = {https://CRAN.R-project.org/package=isotree},
}
@Manual{R-koRpus,
  title = {koRpus: Text Analysis with Emphasis on POS Tagging, Readability and Lexical Diversity},
  author = {Meik Michalke},
  year = {2020},
  note = {(Version 0.13-4)},
  url = {https://reaktanz.de/?c=hacking&s=koRpus},
}
@Manual{R-koRpus.lang.en,
  title = {koRpus.lang.en: Language Support for 'koRpus' Package: English},
  author = {Meik Michalke},
  year = {2020},
  note = {(Version 0.1-4)},
  url = {https://reaktanz.de/?c=hacking&s=koRpus},
}
@Article{R-lavaan,
  title = {{lavaan}: An {R} Package for Structural Equation Modeling},
  author = {Yves Rosseel},
  journal = {Journal of Statistical Software},
  year = {2012},
  volume = {48},
  number = {2},
  pages = {1--36},
  url = {http://www.jstatsoft.org/v48/i02/},
}
@Article{R-mice,
  title = {{mice}: Multivariate Imputation by Chained Equations in R},
  author = {Stef {van Buuren} and Karin Groothuis-Oudshoorn},
  journal = {Journal of Statistical Software},
  year = {2011},
  volume = {45},
  number = {3},
  pages = {1-67},
  url = {https://www.jstatsoft.org/v45/i03/},
}
@Manual{R-nonnest2,
  title = {nonnest2: Tests of Non-Nested Models},
  author = {Edgar Merkle and Dongjun You},
  year = {2020},
  note = {R package version 0.5-5},
  url = {https://CRAN.R-project.org/package=nonnest2},
}
@Manual{R-outForest,
  title = {outForest: Multivariate Outlier Detection and Replacement},
  author = {Michael Mayer},
  year = {2020},
  note = {R package version 0.1.0},
  url = {https://CRAN.R-project.org/package=outForest},
}
@Manual{R-pacman,
  title = {{pacman}: {P}ackage Management for {R}},
  author = {Tyler W. Rinker and Dason Kurkiewicz},
  address = {Buffalo, New York},
  note = {version 0.5.0},
  year = {2018},
  url = {http://github.com/trinker/pacman},
}
@Manual{R-papaja,
  author = {Frederik Aust and Marius Barth},
  title = {{papaja}: {Create} {APA} manuscripts with {R Markdown}},
  year = {2020},
  note = {R package version 0.1.0.9997},
  url = {https://github.com/crsh/papaja},
}
@Manual{R-psych,
  title = {psych: Procedures for Psychological, Psychometric, and Personality Research},
  author = {William Revelle},
  organization = { Northwestern University},
  address = { Evanston, Illinois},
  year = {2020},
  note = {R package version 2.0.9},
  url = {https://CRAN.R-project.org/package=psych},
}
@Manual{R-purrr,
  title = {purrr: Functional Programming Tools},
  author = {Lionel Henry and Hadley Wickham},
  year = {2020},
  note = {R package version 0.3.4},
  url = {https://CRAN.R-project.org/package=purrr},
}
@Article{R-Rcpp_a,
  title = {{Rcpp}: Seamless {R} and {C++} Integration},
  author = {Dirk Eddelbuettel and Romain Fran\c{c}ois},
  journal = {Journal of Statistical Software},
  year = {2011},
  volume = {40},
  number = {8},
  pages = {1--18},
  url = {http://www.jstatsoft.org/v40/i08/},
  doi = {10.18637/jss.v040.i08},
}
@Article{R-Rcpp_b,
  title = {{Extending 	extit{R} with 	extit{C++}: A Brief Introduction to 	extit{Rcpp}}},
  author = {Dirk Eddelbuettel and James Joseph Balamuta},
  journal = {PeerJ Preprints},
  year = {2017},
  month = {aug},
  volume = {5},
  pages = {e3188v1},
  issn = {2167-9843},
  url = {https://doi.org/10.7287/peerj.preprints.3188v1},
  doi = {10.7287/peerj.preprints.3188v1},
}
@Manual{R-readr,
  title = {readr: Read Rectangular Text Data},
  author = {Hadley Wickham and Jim Hester},
  year = {2020},
  note = {R package version 1.4.0},
  url = {https://CRAN.R-project.org/package=readr},
}
@Manual{R-rio,
  title = {rio: A Swiss-army knife for data file I/O},
  author = {Chung-hong Chan and Geoffrey CH Chan and Thomas J. Leeper and Jason Becker},
  year = {2018},
  note = {R package version 0.5.16},
}
@Manual{R-scales,
  title = {scales: Scale Functions for Visualization},
  author = {Hadley Wickham and Dana Seidel},
  year = {2020},
  note = {R package version 1.1.1},
  url = {https://CRAN.R-project.org/package=scales},
}
@Manual{R-semoutput,
  title = {semoutput: SEM Output},
  author = {Jason Tsukahara},
  year = {2020},
  note = {https://github.com/dr-JT/semoutput,
https://dr-jt.github.io/semoutput/index.html},
}
@Manual{R-semPlot,
  title = {semPlot: Path Diagrams and Visual Analysis of Various SEM Packages'
Output},
  author = {Sacha Epskamp},
  year = {2019},
  note = {R package version 1.1.2},
  url = {https://CRAN.R-project.org/package=semPlot},
}
@Manual{R-semTools,
  title = {\texttt{semTools}: {U}seful tools for structural equation modeling},
  author = {Terrence D. Jorgensen and Sunthud Pornprasertmanit and Alexander M. Schoemann and Yves Rosseel},
  year = {2020},
  note = {R package version 0.5-3},
  url = {https://CRAN.R-project.org/package=semTools},
}
@Manual{R-stringr,
  title = {stringr: Simple, Consistent Wrappers for Common String Operations},
  author = {Hadley Wickham},
  year = {2019},
  note = {R package version 1.4.0},
  url = {https://CRAN.R-project.org/package=stringr},
}
@Manual{R-sylly,
  title = {sylly: Hyphenation and Syllable Counting for Text Analysis},
  author = {Meik Michalke},
  year = {2020},
  note = {(Version 0.1-6)},
  url = {https://reaktanz.de/?c=hacking&s=sylly},
}
@Manual{R-tibble,
  title = {tibble: Simple Data Frames},
  author = {Kirill Müller and Hadley Wickham},
  year = {2020},
  note = {R package version 3.0.4},
  url = {https://CRAN.R-project.org/package=tibble},
}
@Manual{R-tidyr,
  title = {tidyr: Tidy Messy Data},
  author = {Hadley Wickham},
  year = {2020},
  note = {R package version 1.1.2},
  url = {https://CRAN.R-project.org/package=tidyr},
}
@Manual{R-tidySEM,
  title = {tidySEM: Tidy Structural Equation Modeling},
  author = {Caspar J. {van Lissa}},
  year = {2020},
  note = {R package version 0.1.3},
  url = {https://cjvanlissa.github.io/tidySEM/},
}
@Article{R-tidyverse,
  title = {Welcome to the {tidyverse}},
  author = {Hadley Wickham and Mara Averick and Jennifer Bryan and Winston Chang and Lucy D'Agostino McGowan and Romain François and Garrett Grolemund and Alex Hayes and Lionel Henry and Jim Hester and Max Kuhn and Thomas Lin Pedersen and Evan Miller and Stephan Milton Bache and Kirill Müller and Jeroen Ooms and David Robinson and Dana Paige Seidel and Vitalie Spinu and Kohske Takahashi and Davis Vaughan and Claus Wilke and Kara Woo and Hiroaki Yutani},
  year = {2019},
  journal = {Journal of Open Source Software},
  volume = {4},
  number = {43},
  pages = {1686},
  doi = {10.21105/joss.01686},
}
@Manual{R-viridis,
  title = {viridis: Default Color Maps from 'matplotlib'},
  author = {Simon Garnier},
  year = {2018},
  note = {R package version 0.5.1},
  url = {https://CRAN.R-project.org/package=viridis},
}
@Manual{R-viridisLite,
  title = {viridisLite: Default Color Maps from 'matplotlib' (Lite Version)},
  author = {Simon Garnier},
  year = {2018},
  note = {R package version 0.3.0},
  url = {https://CRAN.R-project.org/package=viridisLite},
}
@Article{R-MplusAutomation,
  title = {{MplusAutomation}: An {R} Package for Facilitating Large-Scale Latent Variable Analyses in {Mplus}},
  author = {Michael N. Hallquist and Joshua F. Wiley},
  journal = {Structural Equation Modeling},
  year = {2018},
  pages = {1--18},
  doi = {10.1080/10705511.2017.1402334},
  url = {https://www.tandfonline.com/doi/full/10.1080/10705511.2017.1402334},
}
@Manual{R-glue,
  title = {glue: Interpreted String Literals},
  author = {Jim Hester},
  year = {2020},
  note = {R package version 1.4.2},
  url = {https://CRAN.R-project.org/package=glue},
}
@Manual{R-gt,
  title = {gt: Easily Create Presentation-Ready Display Tables},
  author = {Richard Iannone and Joe Cheng and Barret Schloerke},
  year = {2021},
  note = {https://gt.rstudio.com/, https://github.com/rstudio/gt},
}
@Manual{R-kableExtra,
  title = {kableExtra: Construct Complex Table with 'kable' and Pipe Syntax},
  author = {Hao Zhu},
  year = {2021},
  note = {R package version 1.3.4},
  url = {https://CRAN.R-project.org/package=kableExtra},
}
@Book{R-knitr,
  title = {Dynamic Documents with {R} and knitr},
  author = {Yihui Xie},
  publisher = {Chapman and Hall/CRC},
  address = {Boca Raton, Florida},
  year = {2015},
  edition = {2nd},
  note = {ISBN 978-1498716963},
  url = {https://yihui.org/knitr/},
}
@Manual{R-tinylabels,
  title = {{tinylabels}: Lightweight Variable Labels},
  author = {Marius Barth},
  year = {2021},
  note = {R package version 0.2.1},
  url = {https://github.com/mariusbarth/tinylabels},
}
