
@article{neff2003self,
  title={Self-compassion: An alternative conceptualization of a healthy attitude toward oneself},
  author={Neff, Kristin D},
  journal={Self and identity},
  volume={2},
  number={2},
  pages={85--101},
  year={2003},
  publisher={Taylor \& Francis}
}

@article{bandalos2014relative,
  title={Relative performance of categorical diagonally weighted least squares and robust maximum likelihood estimation},
  author={Bandalos, Deborah L},
  journal={Structural Equation Modeling: a multidisciplinary journal},
  volume={21},
  number={1},
  pages={102--116},
  year={2014},
  publisher={Taylor \& Francis}
}

@article{muthen2017mplus,
  title={Mplus},
  author={Muth{\'e}n, LK and Muth{\'e}n, BO},
  journal={Statistical analysis with latent variables. User's guide},
  volume={8},
  year={2017}
}


@book{little2013longitudinal,
  title={Longitudinal structural equation modeling},
  author={Little, Todd D},
  year={2013},
  publisher={Guilford press}
}

@article{neff2019examining,
  title={Examining the factor structure of the Self-Compassion Scale in 20 diverse samples: {Support} for use of a total score and six subscale scores.},
  author={Neff, Kristin D and T{\'o}th-Kir{\'a}ly, Istv{\'a}n and Yarnell, Lisa M and Arimitsu, Kohki and Castilho, Paula and Ghorbani, Nima and Guo, Hailan Xiaoxia and Hirsch, Jameson K and Hupfeld, J{\"o}rg and Hutz, Claudio S and others},
  journal={Psychological Assessment},
  volume={31},
  number={1},
  pages={27–45},
  year={2019},
  publisher={American Psychological Association}
}


@article{hBayesDM,
  title = {Revealing Neurocomputational Mechanisms of Reinforcement Learning and Decision-Making With the {hBayesDM} Package},
  author = {Ahn, Woo-Young and Haines, Nathaniel and Zhang, Lei},
  journal = {Computational Psychiatry},
  year = {2017},
  volume = {1},
  pages = {24--57},
  publisher = {MIT Press},
  url = {doi:10.1162/CPSY_a_00002},
}


@article{sica2019construct_val,
  title={Construct validity of “Not Just Right Experiences”: results from a picture-based assessment procedure},
  author={Sica, Claudio and Bottesi, Gioia and Caudek, Corrado and Marchetti, Igor and Orsucci, Antonella and Palmieri, Giulia and Righi, Stefania and Ghisi, Marta},
  journal={International Journal of Cognitive Therapy},
  volume={12},
  number={4},
  pages={217--241},
  year={2019},
  publisher={Springer}
}

@article{montero2018self,
  title={Self-Compassion and cultural values: a cross-cultural study of Self-Compassion using a Multitrait-Multimethod (MTMM) analytical procedure},
  author={Montero-Marin, Jesus and Kuyken, Willem and Crane, Catherine and Gu, Jenny and Baer, Ruth and Al-Awamleh, Aida A and Akutsu, Satoshi and Araya-V{\'e}liz, Claudio and Ghorbani, Nima and Chen, Zhuo Job and others},
  journal={Frontiers in psychology},
  volume={9},
  pages={2638},
  year={2018},
  publisher={Frontiers}
}

@article{gu2020development,
  title={Development and psychometric properties of the Sussex-Oxford compassion scales (SOCS)},
  author={Gu, Jenny and Baer, Ruth and Cavanagh, Kate and Kuyken, Willem and Strauss, Clara},
  journal={Assessment},
  volume={27},
  number={1},
  pages={3--20},
  year={2020},
  publisher={Sage Publications Sage CA: Los Angeles, CA}
}

@article{strauss2016compassion,
  title={What is compassion and how can we measure it? A review of definitions and measures},
  author={Strauss, Clara and Taylor, Billie Lever and Gu, Jenny and Kuyken, Willem and Baer, Ruth and Jones, Fergal and Cavanagh, Kate},
  journal={Clinical psychology review},
  volume={47},
  pages={15--27},
  year={2016},
  publisher={Elsevier}
}

@book{seppala2017oxford,
  title={The Oxford handbook of compassion science},
  author={Sepp{\"a}l{\"a}, Emma M and Simon-Thomas, Emiliana and Brown, Stephanie L and Worline, Monica C and Cameron, C Daryl and Doty, James R},
  year={2017},
  publisher={Oxford University Press}
}

@article{wadsworth2018examining,
  title={Examining the role of repetitive negative thinking in relations between positive and negative aspects of self-compassion and symptom improvement during intensive treatment},
  author={Wadsworth, Lauren P and Forgeard, Marie and Hsu, Kean J and Kertz, Sarah and Treadway, Michael and Bj{\"o}rgvinsson, Thr{\"o}stur},
  journal={Cognitive Therapy and Research},
  volume={42},
  number={3},
  pages={236--249},
  year={2018},
  publisher={Springer}
}

@article{muris2020process,
  title={The process of science: A critical evaluation of more than 15 years of research on self-compassion with the Self-Compassion Scale},
  author={Muris, Peter and Otgaar, Henry},
  journal={Mindfulness},
  volume={11},
  number={6},
  pages={1469--1482},
  year={2020},
  publisher={Springer}
}

@article{muris2019stripping,
  title={Stripping the forest from the rotten trees: compassionate self-responding is a way of coping, but reduced uncompassionate self-responding mainly reflects psychopathology},
  author={Muris, Peter and Otgaar, Henry and Pfattheicher, Stefan},
  journal={Mindfulness},
  volume={10},
  number={1},
  pages={196--199},
  year={2019},
  publisher={Springer}
}

@article{muris2017protection,
  title={Protection or vulnerability? A meta-analysis of the relations between the positive and negative components of self-compassion and psychopathology},
  author={Muris, Peter and Petrocchi, Nicola},
  journal={Clinical psychology \& psychotherapy},
  volume={24},
  number={2},
  pages={373--383},
  year={2017},
  publisher={Wiley Online Library}
}

@article{muris2016protective,
  title={A protective factor against mental health problems in youths? A critical note on the assessment of self-compassion},
  author={Muris, Peter},
  journal={Journal of child and family studies},
  volume={25},
  number={5},
  pages={1461--1465},
  year={2016},
  publisher={Springer}
}

@article{muris2016protection,
  title={Protection as the mirror image of psychopathology: further critical notes on the self-compassion scale},
  author={Muris, Peter and Otgaar, Henry and Petrocchi, Nicola},
  journal={Mindfulness},
  volume={7},
  number={3},
  pages={787--790},
  year={2016},
  publisher={Springer}
}

@article{gu2020development,
  title={Development and psychometric properties of the Sussex-Oxford compassion scales (SOCS)},
  author={Gu, Jenny and Baer, Ruth and Cavanagh, Kate and Kuyken, Willem and Strauss, Clara},
  journal={Assessment},
  volume={27},
  number={1},
  pages={3--20},
  year={2020},
  publisher={Sage Publications Sage CA: Los Angeles, CA}
}

@article{neff2019examining,
  title={Examining the factor structure of the Self-Compassion Scale in 20 diverse samples: Support for use of a total score and six subscale scores.},
  author={Neff, Kristin D and T{\'o}th-Kir{\'a}ly, Istv{\'a}n and Yarnell, Lisa M and Arimitsu, Kohki and Castilho, Paula and Ghorbani, Nima and Guo, Hailan Xiaoxia and Hirsch, Jameson K and Hupfeld, J{\"o}rg and Hutz, Claudio S and others},
  journal={Psychological Assessment},
  volume={31},
  number={1},
  pages={27-45},
  year={2019},
  publisher={American Psychological Association}
}

@article{muris2019stripping,
  title={Stripping the forest from the rotten trees: compassionate self-responding is a way of coping, but reduced uncompassionate self-responding mainly reflects psychopathology},
  author={Muris, Peter and Otgaar, Henry and Pfattheicher, Stefan},
  journal={Mindfulness},
  volume={10},
  number={1},
  pages={196--199},
  year={2019},
  publisher={Springer}
}

@article{geiger2018self,
  title={Self--Compassion as A Facet of Neuroticism? A Reply to the Comments of {Neff, T{\'o}Th--Kir{\'a}Ly, and Colosimo (2018)}},
  author={Geiger, Mattis and Pfattheicher, Stefan and Hartung, Johanna and Weiss, Selina and Schindler, Simon and Wilhelm, Oliver and Kandler, Christian},
  journal={European Journal of Personality},
  volume={32},
  number={4},
  pages={393--404},
  year={2018},
  publisher={SAGE Publications Sage UK: London, England}
}

@article{neff2003development,
  title={The development and validation of a scale to measure self-compassion},
  author={Neff, Kristin D},
  journal={Self and identity},
  volume={2},
  number={3},
  pages={223--250},
  year={2003},
  publisher={Taylor \& Francis}
}

@article{neff2019setting,
  title={Setting the record straight about the Self-Compassion Scale},
  author={Neff, Kristin D},
  journal={Mindfulness},
  volume={10},
  number={1},
  pages={200--202},
  year={2019},
  publisher={Springer}
}

@article{muris2018good,
  title={Good and bad sides of self-compassion: a face validity check of the self-compassion scale and an investigation of its relations to coping and emotional symptoms in non-clinical adolescents},
  author={Muris, Peter and van den Broek, Myrr and Otgaar, Henry and Oudenhoven, Iris and Lennartz, Janine},
  journal={Journal of Child and Family Studies},
  volume={27},
  number={8},
  pages={2411--2421},
  year={2018},
  publisher={Springer}
}

@article{kandler2017old,
  title={Old wine in new bottles? The case of self--compassion and neuroticism},
  author={Kandler, Christian and Pfattheicher, Stefan and Geiger, Mattis and Hartung, Johanna and Weiss, Selina and Schindler, Simon},
  journal={European Journal of Personality},
  volume={31},
  number={2},
  pages={160--169},
  year={2017},
  publisher={SAGE Publications Sage UK: London, England}
}
@Manual{R-base,
  title = {R: A Language and Environment for Statistical Computing},
  author = {{R Core Team}},
  organization = {R Foundation for Statistical Computing},
  address = {Vienna, Austria},
  year = {2020},
  url = {https://www.R-project.org/},
}
@Article{R-bayesplot,
  title = {Visualization in Bayesian workflow},
  author = {Jonah Gabry and Daniel Simpson and Aki Vehtari and Michael Betancourt and Andrew Gelman},
  year = {2019},
  journal = {J. R. Stat. Soc. A},
  volume = {182},
  issue = {2},
  pages = {389-402},
  doi = {10.1111/rssa.12378},
}
@Article{R-brms_a,
  title = {{brms}: An {R} Package for {Bayesian} Multilevel Models Using {Stan}},
  author = {Paul-Christian Bürkner},
  journal = {Journal of Statistical Software},
  year = {2017},
  volume = {80},
  number = {1},
  pages = {1--28},
  doi = {10.18637/jss.v080.i01},
  encoding = {UTF-8},
}
@Article{R-brms_b,
  title = {Advanced {Bayesian} Multilevel Modeling with the {R} Package {brms}},
  author = {Paul-Christian Bürkner},
  journal = {The R Journal},
  year = {2018},
  volume = {10},
  number = {1},
  pages = {395--411},
  doi = {10.32614/RJ-2018-017},
  encoding = {UTF-8},
}
@Manual{R-corrplot2017,
  title = {R package "corrplot": Visualization of a Correlation Matrix},
  author = {Taiyun Wei and Viliam Simko},
  year = {2017},
  note = {(Version 0.84)},
  url = {https://github.com/taiyun/corrplot},
}
@Manual{R-dplyr,
  title = {dplyr: A Grammar of Data Manipulation},
  author = {Hadley Wickham and Romain François and Lionel {
             Henry} and Kirill Müller},
  year = {2020},
  note = {R package version 1.0.2},
  url = {https://CRAN.R-project.org/package=dplyr},
}
@Manual{R-forcats,
  title = {forcats: Tools for Working with Categorical Variables (Factors)},
  author = {Hadley Wickham},
  year = {2020},
  note = {R package version 0.5.0},
  url = {https://CRAN.R-project.org/package=forcats},
}
@Book{R-ggplot2,
  author = {Hadley Wickham},
  title = {ggplot2: Elegant Graphics for Data Analysis},
  publisher = {Springer-Verlag New York},
  year = {2016},
  isbn = {978-3-319-24277-4},
  url = {https://ggplot2.tidyverse.org},
}
@Manual{R-ggthemes,
  title = {ggthemes: Extra Themes, Scales and Geoms for 'ggplot2'},
  author = {Jeffrey B. Arnold},
  year = {2019},
  note = {R package version 4.2.0},
  url = {https://CRAN.R-project.org/package=ggthemes},
}
@Manual{R-gridExtra,
  title = {gridExtra: Miscellaneous Functions for "Grid" Graphics},
  author = {Baptiste Auguie},
  year = {2017},
  note = {R package version 2.3},
  url = {https://CRAN.R-project.org/package=gridExtra},
}
@Manual{R-here,
  title = {here: A Simpler Way to Find Your Files},
  author = {Kirill Müller},
  year = {2020},
  note = {R package version 1.0.1},
  url = {https://CRAN.R-project.org/package=here},
}
@Manual{R-isotree,
  title = {isotree: Isolation-Based Outlier Detection},
  author = {David Cortes},
  year = {2020},
  note = {R package version 0.1.24},
  url = {https://CRAN.R-project.org/package=isotree},
}
@Manual{R-koRpus,
  title = {koRpus: Text Analysis with Emphasis on POS Tagging, Readability and Lexical Diversity},
  author = {Meik Michalke},
  year = {2020},
  note = {(Version 0.13-4)},
  url = {https://reaktanz.de/?c=hacking&s=koRpus},
}
@Manual{R-koRpus.lang.en,
  title = {koRpus.lang.en: Language Support for 'koRpus' Package: English},
  author = {Meik Michalke},
  year = {2020},
  note = {(Version 0.1-4)},
  url = {https://reaktanz.de/?c=hacking&s=koRpus},
}
@Article{R-lavaan,
  title = {{lavaan}: An {R} Package for Structural Equation Modeling},
  author = {Yves Rosseel},
  journal = {Journal of Statistical Software},
  year = {2012},
  volume = {48},
  number = {2},
  pages = {1--36},
  url = {http://www.jstatsoft.org/v48/i02/},
}
@Article{R-mice,
  title = {{mice}: Multivariate Imputation by Chained Equations in R},
  author = {Stef {van Buuren} and Karin Groothuis-Oudshoorn},
  journal = {Journal of Statistical Software},
  year = {2011},
  volume = {45},
  number = {3},
  pages = {1-67},
  url = {https://www.jstatsoft.org/v45/i03/},
}
@Manual{R-nonnest2,
  title = {nonnest2: Tests of Non-Nested Models},
  author = {Edgar Merkle and Dongjun You},
  year = {2020},
  note = {R package version 0.5-5},
  url = {https://CRAN.R-project.org/package=nonnest2},
}
@Manual{R-outForest,
  title = {outForest: Multivariate Outlier Detection and Replacement},
  author = {Michael Mayer},
  year = {2020},
  note = {R package version 0.1.0},
  url = {https://CRAN.R-project.org/package=outForest},
}
@Manual{R-pacman,
  title = {{pacman}: {P}ackage Management for {R}},
  author = {Tyler W. Rinker and Dason Kurkiewicz},
  address = {Buffalo, New York},
  note = {version 0.5.0},
  year = {2018},
  url = {http://github.com/trinker/pacman},
}
@Manual{R-papaja,
  author = {Frederik Aust and Marius Barth},
  title = {{papaja}: {Create} {APA} manuscripts with {R Markdown}},
  year = {2020},
  note = {R package version 0.1.0.9997},
  url = {https://github.com/crsh/papaja},
}
@Manual{R-psych,
  title = {psych: Procedures for Psychological, Psychometric, and Personality Research},
  author = {William Revelle},
  organization = { Northwestern University},
  address = { Evanston, Illinois},
  year = {2020},
  note = {R package version 2.0.9},
  url = {https://CRAN.R-project.org/package=psych},
}
@Manual{R-purrr,
  title = {purrr: Functional Programming Tools},
  author = {Lionel Henry and Hadley Wickham},
  year = {2020},
  note = {R package version 0.3.4},
  url = {https://CRAN.R-project.org/package=purrr},
}
@Article{R-Rcpp_a,
  title = {{Rcpp}: Seamless {R} and {C++} Integration},
  author = {Dirk Eddelbuettel and Romain Fran\c{c}ois},
  journal = {Journal of Statistical Software},
  year = {2011},
  volume = {40},
  number = {8},
  pages = {1--18},
  url = {http://www.jstatsoft.org/v40/i08/},
  doi = {10.18637/jss.v040.i08},
}
@Article{R-Rcpp_b,
  title = {{Extending 	extit{R} with 	extit{C++}: A Brief Introduction to 	extit{Rcpp}}},
  author = {Dirk Eddelbuettel and James Joseph Balamuta},
  journal = {PeerJ Preprints},
  year = {2017},
  month = {aug},
  volume = {5},
  pages = {e3188v1},
  issn = {2167-9843},
  url = {https://doi.org/10.7287/peerj.preprints.3188v1},
  doi = {10.7287/peerj.preprints.3188v1},
}
@Manual{R-readr,
  title = {readr: Read Rectangular Text Data},
  author = {Hadley Wickham and Jim Hester},
  year = {2020},
  note = {R package version 1.4.0},
  url = {https://CRAN.R-project.org/package=readr},
}
@Manual{R-rio,
  title = {rio: A Swiss-army knife for data file I/O},
  author = {Chung-hong Chan and Geoffrey CH Chan and Thomas J. Leeper and Jason Becker},
  year = {2018},
  note = {R package version 0.5.16},
}
@Manual{R-scales,
  title = {scales: Scale Functions for Visualization},
  author = {Hadley Wickham and Dana Seidel},
  year = {2020},
  note = {R package version 1.1.1},
  url = {https://CRAN.R-project.org/package=scales},
}
@Manual{R-semoutput,
  title = {semoutput: SEM Output},
  author = {Jason Tsukahara},
  year = {2020},
  note = {https://github.com/dr-JT/semoutput,
https://dr-jt.github.io/semoutput/index.html},
}
@Manual{R-semPlot,
  title = {semPlot: Path Diagrams and Visual Analysis of Various SEM Packages'
Output},
  author = {Sacha Epskamp},
  year = {2019},
  note = {R package version 1.1.2},
  url = {https://CRAN.R-project.org/package=semPlot},
}
@Manual{R-semTools,
  title = {\texttt{semTools}: {U}seful tools for structural equation modeling},
  author = {Terrence D. Jorgensen and Sunthud Pornprasertmanit and Alexander M. Schoemann and Yves Rosseel},
  year = {2020},
  note = {R package version 0.5-3},
  url = {https://CRAN.R-project.org/package=semTools},
}
@Manual{R-stringr,
  title = {stringr: Simple, Consistent Wrappers for Common String Operations},
  author = {Hadley Wickham},
  year = {2019},
  note = {R package version 1.4.0},
  url = {https://CRAN.R-project.org/package=stringr},
}
@Manual{R-sylly,
  title = {sylly: Hyphenation and Syllable Counting for Text Analysis},
  author = {Meik Michalke},
  year = {2020},
  note = {(Version 0.1-6)},
  url = {https://reaktanz.de/?c=hacking&s=sylly},
}
@Manual{R-tibble,
  title = {tibble: Simple Data Frames},
  author = {Kirill Müller and Hadley Wickham},
  year = {2020},
  note = {R package version 3.0.4},
  url = {https://CRAN.R-project.org/package=tibble},
}
@Manual{R-tidyr,
  title = {tidyr: Tidy Messy Data},
  author = {Hadley Wickham},
  year = {2020},
  note = {R package version 1.1.2},
  url = {https://CRAN.R-project.org/package=tidyr},
}
@Manual{R-tidySEM,
  title = {tidySEM: Tidy Structural Equation Modeling},
  author = {Caspar J. {van Lissa}},
  year = {2020},
  note = {R package version 0.1.3},
  url = {https://cjvanlissa.github.io/tidySEM/},
}
@Article{R-tidyverse,
  title = {Welcome to the {tidyverse}},
  author = {Hadley Wickham and Mara Averick and Jennifer Bryan and Winston Chang and Lucy D'Agostino McGowan and Romain François and Garrett Grolemund and Alex Hayes and Lionel Henry and Jim Hester and Max Kuhn and Thomas Lin Pedersen and Evan Miller and Stephan Milton Bache and Kirill Müller and Jeroen Ooms and David Robinson and Dana Paige Seidel and Vitalie Spinu and Kohske Takahashi and Davis Vaughan and Claus Wilke and Kara Woo and Hiroaki Yutani},
  year = {2019},
  journal = {Journal of Open Source Software},
  volume = {4},
  number = {43},
  pages = {1686},
  doi = {10.21105/joss.01686},
}
@Manual{R-viridis,
  title = {viridis: Default Color Maps from 'matplotlib'},
  author = {Simon Garnier},
  year = {2018},
  note = {R package version 0.5.1},
  url = {https://CRAN.R-project.org/package=viridis},
}
@Manual{R-viridisLite,
  title = {viridisLite: Default Color Maps from 'matplotlib' (Lite Version)},
  author = {Simon Garnier},
  year = {2018},
  note = {R package version 0.3.0},
  url = {https://CRAN.R-project.org/package=viridisLite},
}
@Article{R-MplusAutomation,
  title = {{MplusAutomation}: An {R} Package for Facilitating Large-Scale Latent Variable Analyses in {Mplus}},
  author = {Michael N. Hallquist and Joshua F. Wiley},
  journal = {Structural Equation Modeling},
  year = {2018},
  pages = {1--18},
  doi = {10.1080/10705511.2017.1402334},
  url = {https://www.tandfonline.com/doi/full/10.1080/10705511.2017.1402334},
}
